%usados ate o momento -- 
%https://www.3d.sk/ - Bancod e fotos em 2D
%https://sci-hub.tw/https://ieeexplore.ieee.org/abstract/document/1401915/ Referencias diversas sobre mosaico de imagens

@InProceedings{Lee:2001,
author="Lee, Joong-Jae
and Kim, Gye-Young
and Choi, Hyung-Il",
editor="Alexandrov, Vassil N.
and Dongarra, Jack J.
and Juliano, Benjoe A.
and Renner, Ren{\'e} S.
and Tan, C. J. Kenneth",
title="An Image Registration Algorithm Based on Cylindrical Prototype Model",
booktitle="Computational Science - ICCS 2001",
year="2001",
publisher="Springer Berlin Heidelberg",
address="Berlin, Heidelberg",
pages="37--43",
isbn="978-3-540-45718-3"
}

@article{Park:2013,
author = {Park, Youngjae and Jang, SeokWoo and Lee, JoongJae and Lee, YangWeon and Kim, GyeYoung},
year = {2013},
month = {01},
pages = {36-44},
title = {An ellipsoidal model for generating realistic 3D facial textures},
volume = {46},
journal = {International Journal of Computer Applications in Technology},
doi = {10.1504/IJCAT.2013.051386}
}

@InProceedings{Lin:2013,
author = {Lin, Jianping and Liao, Qingmin and He, Bei and Shi, Chenbo},
year = {2013},
month = {12},
pages = {90451Y},
title = {Label inspection of approximate cylinder based on adverse cylinder panorama},
volume = {9045},
journal = {Proceedings of SPIE - The International Society for Optical Engineering},
booktitle= {Optoelectronic Imaging and Processing Technology},
doi = {10.1117/12.2042075}
}

@article{Lowe:2004,
author = {Lowe, David},
year = {2004},
month = {11},
pages = {91-},
title = {Distinctive Image Features from Scale-Invariant Keypoints},
volume = {60},
journal = {International Journal of Computer Vision},
doi = {10.1023/B:VISI.0000029664.99615.94}
}

@article{Lowe:2001,
author = {Lowe, David},
year = {2001},
month = {01},
pages = {},
title = {Object Recognition from Local Scale-Invariant Features},
volume = {2},
journal = {Proceedings of the IEEE International Conference on Computer Vision}
}

@article{Mikolajczyk:2005,
author = {Mikolajczyk, Krystian and Schmid, Cordelia},
year = {2005},
month = {11},
pages = {1615-30},
title = {A Performance Evaluation of Local Descriptors},
volume = {27},
journal = {IEEE transactions on pattern analysis and machine intelligence},
doi = {10.1109/TPAMI.2005.188}
}

@article{Gledhill:2003,
author = {Gledhill, Duke and Taylor, Dave and Clarke, David},
year = {2003},
month = {06},
pages = {435-445},
title = {Panoramic imaging - A review},
volume = {27},
journal = {Computers \& Graphics},
doi = {10.1016/S0097-8493(03)00038-4}
}

@article{Wang:2017,
author = {Wang, Gang and Li, Jingna and Su, Qingtang and Zhang, Xiaofeng and Lü, Gaohuan and Wang, Honggang},
year = {2017},
month = {02},
pages = {99-106},
title = {Algorithm based on morphological component analysis and scale-invariant feature transform for image registration},
volume = {22},
journal = {Journal of Shanghai Jiaotong University (Science)},
doi = {10.1007/s12204-017-1807-7}
}

@article{Fischler:1981,
author = {Fischler, R. and Bolles, M.},
year = {1981},
month = {01},
pages = {619-638},
title = {Random Sample Consensus: A Paradigm for Model Fitting with Applications to Image Analysis and Automated Cartography},
volume = {24},
journal = {Commun ACM}
}

@inproceedings{Wang:2005,
  title={Realistic 3D face modeling by fusing multiple 2D images},
  author={Wang, Changhu and Yan, Shuicheng and Zhang, Hongjiang and Ma, Weiying},
  booktitle={11th International Multimedia Modelling Conference},
  pages={139--146},
  year={2005},
  organization={IEEE}
}
@article{Zhu:2000,
  title={A new diamond search algorithm for fast block-matching motion estimation},
  author={Zhu, Shan and Ma, Kai-Kuang},
  journal={IEEE transactions on Image Processing},
  volume={9},
  number={2},
  pages={287--290},
  year={2000},
  publisher={IEEE}
}

@article{Zhao:2013,
author = {Zhao, Haitao and Wu, Changshan and Zuo, Zhengli and Chen, Zhengchao},
year = {2013},
month = {03},
pages = {94-103},
title = {Development of a Coordinate Transformation method for direct georeferencing in map projection frames},
volume = {77},
journal = {International Journal of Photogrammetry and Remote Sensing},
doi = {10.1016/j.isprsjprs.2012.12.004}
}

@article{Young:1802,
  title={II. The Bakerian Lecture. On the theory of light and colours},
  author={Young, Thomas},
  journal={Philosophical transactions of the Royal Society of London},
  number={92},
  pages={12--48},
  year={1802},
  publisher={The Royal Society London}
}

@article{lumb:2013,
  title={Texture feature extraction of RGB, HSV, YIQ and dithered images using GLCM, wavelet decomposition techniques},
  author={Lumb, Manisha and Sethi, Poonam},
  journal={International Journal of Computer Applications},
  volume={68},
  number={11},
  year={2013},
  publisher={Foundation of Computer Science}
} 

@article{Qazi:2011,
author = {Qazi, Imtnan and Alata, Olivier and Burie, Jean-Christophe and Moussa, Ahmed and Fernandez-Maloigne, Christine},
year = {2011},
month = {01},
pages = {},
title = {Choice of a pertinent color space for color texture characterization using parametric spectral analysis},
volume = {44},
journal = {Pattern Recognition},
doi = {10.1016/j.patcog.2010.07.007}
}
@article{Yang:2003,
author = {Yang, Christopher and Kwok, Sai},
year = {2003},
month = {03},
pages = {701-711},
title = {Efficient gamut clipping for color image processing using LHS and YIQ},
volume = {42},
journal = {Optical Engineering - OPT ENG},
doi = {10.1117/1.1544479}
}
@article{zhu2000new,
  title={A new diamond search algorithm for fast block-matching motion estimation},
  author={Zhu, Shan and Ma, Kai-Kuang},
  journal={IEEE transactions on Image Processing},
  volume={9},
  number={2},
  pages={287--290},
  year={2000},
  publisher={IEEE}
}
@article{Gordon:1978,
  title={Shepard’s method of “metric interpolation” to bivariate and multivariate interpolation},
  author={Gordon, William J and Wixom, James A},
  journal={Mathematics of computation},
  volume={32},
  number={141},
  pages={253--264},
  year={1978}
}

@article{lee2000fast,
  title={Fast head modeling for animation},
  author={Lee, W-S and Magnenat-Thalmann, Nadia},
  journal={Image and Vision Computing},
  volume={18},
  number={4},
  pages={355--364},
  year={2000},
  publisher={Elsevier}
}

@article{Pighin:2002,
author = {Pighin, F. and Szeliski, R. and Salesin, D.H.},
year = {2002},
month = {01},
pages = {},
title = {Modeling and Animating Realistic Faces from Images},
volume = {50},
journal = {International Journal of Computer Vision}
}

@article{Kovacs:2006,
  title={Three-dimensional recording of the human face with a 3D laser scanner},
  author={Kovacs, L and Zimmermann, A and Brockmann, G and G{\"u}hring, M and Baurecht, H and Papadopulos, NA and Schwenzer-Zimmerer, K and Sader, R and Biemer, E and Zeilhofer, HF},
  journal={Journal of plastic, reconstructive \& aesthetic surgery},
  volume={59},
  number={11},
  pages={1193--1202},
  year={2006},
  publisher={Elsevier}
}

@book{Heckbert:1989,
  title={Fundamentals of texture mapping and image warping},
  author={Heckbert, Paul S},
  year={1989},
  journal= {},
  publisher={Citeseer}
}

@book{Gonzales:2000,
  author = {Rafael C. Gonzalez and Richard E. Woods},
  title = {Digital Image Processing},
  year = 2000
}

@article{Pighin:1999,
author = {Pighin, Fr and Hecker, Jamie and Lischinski, Dani and Szeliski, Richard and Salesin, David},
year = {1999},
month = {04},
title = {Synthesizing Realistic Facial Expressions from Photographs},
volume = {32},
journal = {Proceedings of the ACM SIGGRAPH Conference on Computer Graphics},
doi = {10.1145/280814.280825}
}

@inproceedings{Lim:1997,
author = {Kyoung Won Lim and Byung Cheol Song and Jong Beom Ra},
title = {{Fast hierarchical block matching algorithm utilizing spatial motion vector correlation}},
volume = {3024},
booktitle = {Visual Communications and Image Processing '97},
editor = {Jan Biemond and Edward J. Delp III},
organization = {International Society for Optics and Photonics},
publisher = {SPIE},
pages = {284 -- 292},
year = {1997},
doi = {10.1117/12.263241},
URL = {https://doi.org/10.1117/12.263241}
}

@article{Manjunath:1996,
  title={Texture features for browsing and retrieval of image data},
  author={Manjunath, Bangalore S and Ma, Wei-Ying},
  journal={IEEE Transactions on pattern analysis and machine intelligence},
  volume={18},
  number={8},
  pages={837--842},
  year={1996},
  publisher={IEEE}
}

@article{Gracias:2009,
author = {Gracias, Nuno and Mahoor, Mohammad and Negahdaripour, Shahriar and Gleason, Arthur},
year = {2009},
month = {01},
pages = {597-607},
title = {Fast Image Blending using Watersheds and Graph Cuts},
volume = {27},
journal = {Image Vision Comput.},
doi = {10.5244/C.20.49}
}

@inproceedings{Levin:2004,
author = {Levin, Anat and Zomet, Assaf and Peleg, Shmuel and Weiss, Yair},
year = {2004},
month = {04},
title = {Seamless Image Stitching in the Gradient Domain},
volume = {3024},
journal = {Lecture Notes Comput. Sci},
booktitle = {},
doi = {10.1007/978-3-540-24673-2_31}
}

@article{Shum:2000,
author = {Shum, Heung-Yeung and Szeliski, Richard},
year = {2000},
month = {04},
pages = {101-130},
title = {Panoramic Image Mosaics},
volume = {36},
journal = {International Journal of Computer Vision},
doi = {10.1023/A:1008195814169}
}

@article{Wolberg:1998,
  title={Image morphing: a survey},
  author={Wolberg, George},
  volume={14},
  number={8-9},
  pages={360--372},
  year={1998},
  publisher={Springer-Verlag}
}	
	
@article{Pajdla:1999,
	author = {Tomas Pajdla and Vaclav Hlavac},
	title = {Zero Phase Representation of Panoramic Images
for Image Based Localization},
	publisher = {International Conference on Computer Analysis of Images and Patterns},
	year = {1999},
	address = {Springer, Berlin, Heidelberg},
	pages = {550-557}
}

@article{Shen:2013,
author = {Shen, Xiang},
year = {2013},
month = {11},
pages = {1419-1423},
title = {Approximate Correction of Length Distortion for Direct Georeferencing in Map Projection Frame},
volume = {10},
journal = {Geoscience and Remote Sensing Letters, IEEE},
doi = {10.1109/LGRS.2013.2259463}
}

@book{Webb:2003,
  title={Statistical pattern recognition},
  author={Webb, Andrew R},
  year={2003},
  publisher={John Wiley \& Sons}
}

@article{Shereena:2015,
author = {V B, Shereena and David, Julie},
year = {2015},
month = {06},
pages = {27-42},
title = {Significance of Dimensionality Reduction in Image Processing},
volume = {6},
journal = {Signal \& Image Processing : An International Journal},
doi = {10.5121/sipij.2015.6303}
}

@article{Ohta:1980,
  title={Color information for region segmentation},
  author={Ohta, Yu-Ichi and Kanade, Takeo and Sakai, Toshiyuki},
  journal={Computer graphics and image processing},
  volume={13},
  number={3},
  pages={222--241},
  year={1980},
  publisher={Elsevier}
}

@book{Wolberg:1990,
  title={Digital image warping},
  author={Wolberg, George},
  volume={10662},
  year={1990},
  publisher={IEEE computer society press Los Alamitos, CA}
}

@inproceedings{Suzuki:2012,
  title={SIFT-based low complexity keypoint extraction and its real-time hardware implementation for full-HD video},
  author={Suzuki, Takahiro and Ikenaga, Takeshi},
  booktitle={Proceedings of The 2012 Asia Pacific Signal and Information Processing Association Annual Summit and Conference},
  pages={1--6},
  year={2012},
  organization={IEEE}
}

@misc{PTAssembler,
  author = {PTAssembler},
  title = {{Panoramic and High Resolution Image Mosaic Creation Software
}},
  howpublished = "\url{http://www.tawbaware.com/ptasmblr.htm}",
  year={2017},
  note = "[Online; accessed 13-June-2020]"
}

@misc{CameraCalibration,
  author = {Jean-Yves Bouguet},
  title = {{Camera Calibration Toolbox for Matlab
}},
  howpublished = "\url{http://www.vision.caltech.edu/bouguetj/calib_doc/index.html}",
  year={2017},
  note = "[Online; accessed 02-November-2020]"
}

@misc{RANSAC,
  author = {MathWorks},
  title = {Estimate fundamental matrix from corresponding points in stereo images},
  howpublished = "\url{https://www.mathworks.com/help/vision/ref/estimatefundamentalmatrix.html}",
  year={2017},
  note = "[Online; accessed 02-November-2020]"
}

@misc{August:1997,
  author = {John J O' Connor and Edmund F. Robertson},
  title = {{August Ferdinand Möbius}},
  journal = {MacTutor History of Mathematics archive, University of St Andrews},
  year = {1997},
  url = {http://www-history.mcs.st-andrews.ac.uk/Biographies/Mobius.html},
  urldate = "[Online; accessed 10-November-2020]"
}